
<record>
  <controlfield tag="001">741353</controlfield>
  <datafield tag="710" ind1=" " ind2=" ">
    <subfield code="g">VIRGO</subfield>
  </datafield>
  <datafield tag="245" ind1=" " ind2=" ">
    <subfield code="a">First coincidence search among periodic gravitational wave source candidates using VIRGO data</subfield>
  </datafield>
  <datafield tag="024" ind1="7" ind2=" ">
    <subfield code="a">10.1142/9789812834300_0430</subfield>
    <subfield code="2">DOI</subfield>
  </datafield>
  <datafield tag="035" ind1=" " ind2=" ">
    <subfield code="a">Acernese:2006zz</subfield>
    <subfield code="9">SPIRESTeX</subfield>
  </datafield>
</record>