
<record>
  <controlfield tag="001">1194605</controlfield>
  <datafield tag="035" ind1=" " ind2=" ">
    <subfield code="a">Gorini:2006jea</subfield>
    <subfield code="9">INSPIRETeX</subfield>
  </datafield>
  <datafield tag="035" ind1=" " ind2=" ">
    <subfield code="9">CDS</subfield>
    <subfield code="a">991113</subfield>
  </datafield>
  <datafield tag="035" ind1=" " ind2=" ">
    <subfield code="9">DESY</subfield>
    <subfield code="z">DA19-kp15bp</subfield>
  </datafield>
  <datafield tag="037" ind1=" " ind2=" ">
    <subfield code="a">ATL-DAQ-CONF-2006-016</subfield>
  </datafield>
  <datafield tag="037" ind1=" " ind2=" ">
    <subfield code="a">ATL-COM-DAQ-2006-030</subfield>
  </datafield>
  <datafield tag="245" ind1=" " ind2=" ">
    <subfield code="a">The ATLAS Data Acquisition and High-Level Trigger</subfield>
    <subfield code="b">Concept, Design and Status</subfield>
  </datafield>
</record>